<record><leader>00000cas a22000007a 4500</leader><controlfield tag="001">21218188</controlfield><controlfield tag="008">900315d18951901coudn ne      0    0eng d</controlfield><datafield ind1=" " ind2=" " tag="010"><subfield code="a">sn 90051125 </subfield></datafield><datafield ind1=" " ind2=" " tag="040"><subfield code="a">CNQ</subfield><subfield code="b">eng</subfield><subfield code="c">CNQ</subfield><subfield code="d">CRL</subfield><subfield code="d">OCLCQ</subfield><subfield code="d">OCLCF</subfield><subfield code="d">OCLCO</subfield></datafield><datafield ind1="1" ind2=" " tag="029"><subfield code="a">AU@</subfield><subfield code="b">000020588385</subfield></datafield><datafield ind1=" " ind2=" " tag="042"><subfield code="a">msc</subfield></datafield><datafield ind1=" " ind2=" " tag="043"><subfield code="a">n-us-co</subfield></datafield><datafield ind1="0" ind2="4" tag="245"><subfield code="a">The Aspen tribune.</subfield></datafield><datafield ind1=" " ind2=" " tag="260"><subfield code="a">Aspen, Pitkin County, Colo. :</subfield><subfield code="b">Tribune Pub. Co.,</subfield><subfield code="c">1895-1901.</subfield></datafield><datafield ind1=" " ind2=" " tag="300"><subfield code="a">5 v.</subfield></datafield><datafield ind1=" " ind2=" " tag="310"><subfield code="a">Daily (except Mon.)</subfield></datafield><datafield ind1="0" ind2=" " tag="362"><subfield code="a">Vol. 1, no. 1 (Aug. 13, 1895)-v. 5, no. 261 (July 2, 1901).</subfield></datafield><datafield ind1=" " ind2=" " tag="500"><subfield code="a">Occasionally published on Mon.</subfield></datafield><datafield ind1=" " ind2=" " tag="530"><subfield code="a">Available on microfilm from the Colorado Historical Society.</subfield></datafield><datafield ind1=" " ind2="0" tag="651"><subfield code="a">Aspen (Colo.)</subfield><subfield code="v">Newspapers.</subfield></datafield><datafield ind1=" " ind2="0" tag="651"><subfield code="a">Pitkin County (Colo.)</subfield><subfield code="v">Newspapers.</subfield></datafield><datafield ind1=" " ind2="7" tag="655"><subfield code="a">Newspapers.</subfield><subfield code="2">fast</subfield><subfield code="0">(OCoLC)fst01423814</subfield></datafield><datafield ind1=" " ind2="7" tag="651"><subfield code="a">Colorado</subfield><subfield code="z">Aspen.</subfield><subfield code="2">fast</subfield><subfield code="0">(OCoLC)fst01207936</subfield></datafield><datafield ind1=" " ind2="7" tag="651"><subfield code="a">Colorado</subfield><subfield code="z">Pitkin County.</subfield><subfield code="2">fast</subfield><subfield code="0">(OCoLC)fst01231263</subfield></datafield><datafield ind1=" " ind2=" " tag="752"><subfield code="a">United States</subfield><subfield code="b">Colorado</subfield><subfield code="c">Pitkin</subfield><subfield code="d">Aspen.</subfield></datafield><datafield ind1="0" ind2="0" tag="780"><subfield code="t">Aspen morning sun</subfield><subfield code="w">(DLC)sn 90051124</subfield></datafield><datafield ind1="0" ind2="4" tag="785"><subfield code="t">Aspen daily times (Aspen, Colo. : 1885)</subfield><subfield code="w">(DLC)sn 85067440</subfield></datafield></record>